@article{boykin2014summingbird,
  title={Summingbird: A Framework for Integrating Batch and Online MapReduce Computations},
  author={Boykin, Oscar and Ritchie, Sam and O’Connell, Ian and Lin, Jimmy},
  journal={Proceedings of the VLDB Endowment},
  volume={7},
  number={13},
  year={2014}
}

@article{arasu2006cql,
  title={The CQL continuous query language: semantic foundations and query execution},
  author={Arasu, Arvind and Babu, Shivnath and Widom, Jennifer},
  journal={The VLDB Journal—The International Journal on Very Large Data Bases},
  volume={15},
  number={2},
  pages={121--142},
  year={2006},
  publisher={Springer-Verlag New York, Inc.}
}

@online{questions-la-kreps,
  author = {Jay Kreps},
  title = {Questioning the Lambda Architecture},
  year = 2014,
  url = {http://radar.oreilly.com/2014/07/questioning-the-lambda-architecture.html},
  urldate = {2014-07-02}
}

@book{marz2013big,
  title={Big Data: Principles and best practices of scalable realtime data systems},
  author={Marz, Nathan and Warren, James},
  year={2013},
  publisher={O'Reilly Media}
}

@inproceedings{kreps2011kafka,
  title={Kafka: A distributed messaging system for log processing},
  author={Kreps, Jay and Narkhede, Neha and Rao, Jun and others},
  booktitle={Proceedings of the NetDB},
  year={2011}
}

@inproceedings{vavilapalli2013apache,
  title={Apache hadoop yarn: Yet another resource negotiator},
  author={Vavilapalli, Vinod Kumar and Murthy, Arun C and Douglas, Chris and Agarwal, Sharad and Konar, Mahadev and Evans, Robert and Graves, Thomas and Lowe, Jason and Shah, Hitesh and Seth, Siddharth and others},
  booktitle={Proceedings of the 4th annual Symposium on Cloud Computing},
  pages={5},
  year={2013},
  organization={ACM}
}

@ONLINE{hortonworks:2014:storm,
author = {Hortonworks},
title = {The Future of Apache Storm: Secure, Highly-Available, Multi-Tenant Processing in YARN},
month = August,
year = {2014},
url = {http://hortonworks.com/blog/the-future-of-apache-storm/}}

@ONLINE{samza:api,
author = {ASF},
title = {Samza API Overview},
url = {http://samza.apache.org/learn/documentation/0.9/api/overview.html}}


@ONLINE{asf:2014:samza,
author = {ASF},
title = {Apache Samza},
month = June,
year = {2014},
url = {http://samza.apache.org/}
}

@ONLINE{asf:2014:calcite,
author = {ASF},
title = {Apache Calcite},
url = {http://calcite.incubator.apache.org/}
}

@ONLINE{asf:2015:kafka,
author = {ASF},
title = {Apache Kafka},
url = {http://kafka.apache.org/}
}

@ONLINE{linkedin:2015:espresso,
author = {LinkedIn},
title = {Espresso},
month = Fedruary,
year = {2015},
url = {http://data.linkedin.com/projects/espresso}
}

@ONLINE{metamarkets:radstack,
author = {Yan, Fangjin and Merlino, Gian and Léauté, Xavier},
title = {The RADStack: Open Source Lambda Architecture for Interactive Analytics},
url = {http://static.druid.io/docs/radstack.pdf}}


@inproceedings{toshniwal2014storm,
  title={Storm@ twitter},
  author={Toshniwal, Ankit and Taneja, Siddarth and Shukla, Amit and Ramasamy, Karthik and Patel, Jignesh M and Kulkarni, Sanjeev and Jackson, Jason and Gade, Krishna and Fu, Maosong and Donham, Jake and others},
  booktitle={Proceedings of the 2014 ACM SIGMOD international conference on Management of data},
  pages={147--156},
  year={2014},
  organization={ACM}
}


@inproceedings{neumeyer2010s4,
  title={S4: Distributed stream computing platform},
  author={Neumeyer, Leonardo and Robbins, Bruce and Nair, Anish and Kesari, Anand},
  booktitle={Data Mining Workshops (ICDMW), 2010 IEEE International Conference on},
  pages={170--177},
  year={2010},
  organization={IEEE}
}

@inproceedings{zaharia2013discretized,
  title={Discretized streams: Fault-tolerant streaming computation at scale},
  author={Zaharia, Matei and Das, Tathagata and Li, Haoyuan and Hunter, Timothy and Shenker, Scott and Stoica, Ion},
  booktitle={Proceedings of the Twenty-Fourth ACM Symposium on Operating Systems Principles},
  pages={423--438},
  year={2013},
  organization={ACM}
}

@article{yangreal,
  title={A Real-time Analytical Data Store},
  author={Yang, Fangjin and Tschetter, Eric and L{\'e}aut{\'e}, Xavier and Ray, Nelson and Merlino, Gian and Ganguli, Deep}
}

@article{fernandezliquid,
  title={Liquid: Unifying Nearline and Offline Big Data Integration},
  author={Fernandez, Raul Castro and Pietzuch, Peter and Kreps, Jay and Narkhede, Neha and Rao, Jun and Koshy, Joel and Lin, Dong and Riccomini, Chris and Wang, Guozhang}
}