@ONLINE{hortonworks:2014:storm,
author = {Hortonworks},
title = {The Future of Apache Storm: Secure, Highly-Available, Multi-Tenant Processing in YARN},
month = August,
year = {2014},
url = {http://hortonworks.com/blog/the-future-of-apache-storm/}}


@ONLINE{asf:2014:samza,
author = {Apache Software Foundation},
title = {Apache Samza},
month = June,
year = {2014},
url = {http://samza.incubator.apache.org/}
}



@ONLINE{streamdrill:presentation,
author = {Mikio L. Braun},
title = {Streamdrill: Analyzing Big Data Streams in Realtime},
month = May,
year = {2014},
url = {http://datascienceday.files.wordpress.com/2014/05/data-science-day-2014.pdf}
}

@ONLINE{twitter:2014:tsar,
author = {Twitter},
title = {TSAR, a TimeSeries AggregatoR},
month = June,
year = {2014},
url = {https://blog.twitter.com/2014/tsar-a-timeseries-aggregator}
}

@inproceedings{toshniwal2014storm,
  title={Storm@ twitter},
  author={Toshniwal, Ankit and Taneja, Siddarth and Shukla, Amit and Ramasamy, Karthik and Patel, Jignesh M and Kulkarni, Sanjeev and Jackson, Jason and Gade, Krishna and Fu, Maosong and Donham, Jake and others},
  booktitle={Proceedings of the 2014 ACM SIGMOD international conference on Management of data},
  pages={147--156},
  year={2014},
  organization={ACM}
}


@inproceedings{neumeyer2010s4,
  title={S4: Distributed stream computing platform},
  author={Neumeyer, Leonardo and Robbins, Bruce and Nair, Anish and Kesari, Anand},
  booktitle={Data Mining Workshops (ICDMW), 2010 IEEE International Conference on},
  pages={170--177},
  year={2010},
  organization={IEEE}
}

@inproceedings{zaharia2013discretized,
  title={Discretized streams: Fault-tolerant streaming computation at scale},
  author={Zaharia, Matei and Das, Tathagata and Li, Haoyuan and Hunter, Timothy and Shenker, Scott and Stoica, Ion},
  booktitle={Proceedings of the Twenty-Fourth ACM Symposium on Operating Systems Principles},
  pages={423--438},
  year={2013},
  organization={ACM}
}

@article{akidau2013millwheel,
  title={MillWheel: fault-tolerant stream processing at internet scale},
  author={Akidau, Tyler and Balikov, Alex and Bekiro{\u{g}}lu, Kaya and Chernyak, Slava and Haberman, Josh and Lax, Reuven and McVeety, Sam and Mills, Daniel and Nordstrom, Paul and Whittle, Sam},
  journal={Proceedings of the VLDB Endowment},
  volume={6},
  number={11},
  pages={1033--1044},
  year={2013},
  publisher={VLDB Endowment}
}

@inproceedings{murray2013naiad,
  title={Naiad: a timely dataflow system},
  author={Murray, Derek G and McSherry, Frank and Isaacs, Rebecca and Isard, Michael and Barham, Paul and Abadi, Martin},
  booktitle={Proceedings of the Twenty-Fourth ACM Symposium on Operating Systems Principles},
  pages={439--455},
  year={2013},
  organization={ACM}
}

@inproceedings{ghemawat2003google,
  title={The Google file system},
  author={Ghemawat, Sanjay and Gobioff, Howard and Leung, Shun-Tak},
  booktitle={ACM SIGOPS Operating Systems Review},
  volume={37},
  number={5},
  pages={29--43},
  year={2003},
  organization={ACM}
}

@article{chang2008bigtable,
  title={Bigtable: A distributed storage system for structured data},
  author={Chang, Fay and Dean, Jeffrey and Ghemawat, Sanjay and Hsieh, Wilson C and Wallach, Deborah A and Burrows, Mike and Chandra, Tushar and Fikes, Andrew and Gruber, Robert E},
  journal={ACM Transactions on Computer Systems (TOCS)},
  volume={26},
  number={2},
  pages={4},
  year={2008},
  publisher={ACM}
}

@article{dean2010mapreduce,
  title={MapReduce: a flexible data processing tool},
  author={Dean, Jeffrey and Ghemawat, Sanjay},
  journal={Communications of the ACM},
  volume={53},
  number={1},
  pages={72--77},
  year={2010},
  publisher={ACM}
}

@inproceedings{decandia2007dynamo,
  title={Dynamo: amazon's highly available key-value store},
  author={DeCandia, Giuseppe and Hastorun, Deniz and Jampani, Madan and Kakulapati, Gunavardhan and Lakshman, Avinash and Pilchin, Alex and Sivasubramanian, Swaminathan and Vosshall, Peter and Vogels, Werner},
  booktitle={ACM SIGOPS Operating Systems Review},
  volume={41},
  number={6},
  pages={205--220},
  year={2007},
  organization={ACM}
}
